% Encoding: UTF-8

@InProceedings{sorianoLREC,
  author = {Edmundo-Pavel Soriano-Morales and Julien Ah-Pine and Sabine Loudcher},
  title = {Hypergraph Modelization of a Syntactically Annotated English Wikipedia Dump},
  booktitle = {Proceedings of the Tenth International Conference on Language Resources and Evaluation (LREC 2016)},
  year = {2016},
  month = {may},
  date = {23-28},
  location = {Portoro≈æ, Slovenia},
  publisher = {European Language Resources Association (ELRA)},
  isbn = {978-2-9517408-9-1},
  language = {english}}


@inproceedings{sorianoCICLING,
author = {Soriano-Morales, Edmundo-Pavel and Ah-Pine, Julien and Loudcher, Sabine},
title = {Using a Heterogeneous Linguistic Network for
Word Sense Induction and Disambiguation},
booktitle= {Proceedings of the 17th International Conference on Intelligent Text Processing and Computational Linguistics (CICLING)},
year= {2016},
}

@inproceedings{sorianoEGCChallenge,
  author    = {Adrien Guille and
               Edmundo{-}Pavel Soriano{-}Morales and
               Ciprian{-}Octavian Truica},
  title     = {Topic modeling and hypergraph mining to analyze the {EGC} conference
               history},
  booktitle = {16{\`{e}}me Journ{\'{e}}es Francophones Extraction et Gestion
               des Connaissances, {EGC} 2016, 18-22 Janvier 2016, Reims, France},
  pages     = {383--394},
  year      = {2016},
  url       = {http://editions-rnti.fr/?inprocid=1002191},
  bibsource = {dblp computer science bibliography, http://dblp.org}
}

@inproceedings{sorianoEGCTOM,
  author    = {Adrien Guille and
               Edmundo{-}Pavel Soriano{-}Morales},
  title     = {{TOM:} {A} library for topic modeling and browsing},
  booktitle = {16{\`{e}}me Journ{\'{e}}es Francophones Extraction et Gestion
               des Connaissances, {EGC} 2016, 18-22 Janvier 2016, Reims, France},
  pages     = {451--456},
  year      = {2016},
  url       = {http://editions-rnti.fr/?inprocid=1002199},
  timestamp = {Fri, 22 Jan 2016 10:19:37 +0100},
  biburl    = {http://dblp.uni-trier.de/rec/bib/conf/f-egc/GuilleS16},
  bibsource = {dblp computer science bibliography, http://dblp.org}
}

@article{sorianoJournal,
  author    = {Loudcher, Sabine and Jakawat, Wararat and  Soriano{-}Morales, Edmundo{-}Pavel and
               Favre, C{\'{e}}cile},
  title     = {Combining {OLAP} and information networks for bibliographic data analysis:
               a survey},
  journal   = {Scientometrics},
  volume    = {103},
  number    = {2},
  pages     = {471--487},
  year      = {2015},
  url       = {http://dx.doi.org/10.1007/s11192-015-1539-0},
  doi       = {10.1007/s11192-015-1539-0},
  timestamp = {Sat, 18 Apr 2015 13:51:29 +0200},
  biburl    = {http://dblp.uni-trier.de/rec/bib/journals/scientometrics/LoudcherJSF15},
  bibsource = {dblp computer science bibliography, http://dblp.org}
}

@inproceedings{soriano6,
  author    = {Carlos{-}Francisco M{\'{e}}ndez{-}Cruz and
               Edmundo{-}Pavel Soriano{-}Morales and
               Alfonso Medina Urrea},
  title     = {Testing a Statistical Word Stemmer based on Affixality Measurements
               in {INEX} 2012 Tweet Contextualization Track},
  booktitle = {{CLEF} 2012 Evaluation Labs and Workshop, Online Working Notes, Rome,
               Italy, September 17-20, 2012},
  year      = {2012},
}

@inproceedings{Ah-PineS16DMNLP,
  author    = {Julien Ah{-}Pine and
               Edmundo{-}Pavel Soriano{-}Morales},
  title     = {A Study of Synthetic Oversampling for Twitter Imbalanced Sentiment
               Analysis},
  booktitle = {DMNLP@PKDD/ECML},
  series    = {{CEUR} Workshop Proceedings},
  volume    = {1646},
  pages     = {17--24},
  publisher = {CEUR-WS.org},
  year      = {2016}
}
@inproceedings{sorianoDS,
  author    = {Edmundo-Pavel Soriano-Morales and Julien Ah-Pine and Sabine Loudcher},
  title     = {Fusion Techniques for Named Entity Recognition and Word Sense Induction and Disambiguation},
  booktitle = {{International Conference on Discovery Science (DS 2017)}},
  series    = {Lecture Notes in Computer Science},
  pages     = {To appear},
  year      = {2017}
}



@article{garten2010recent,
  title={Recent progress in automatically extracting information from the pharmacogenomic literature},
  author={Garten, Yael and Coulet, Adrien and Altman, Russ B},
  journal={Pharmacogenomics},
  volume={11},
  number={10},
  pages={1467--1489},
  year={2010},
  publisher={Future Medicine}
}

@inproceedings{mikolov2013distributed,
  title={Distributed representations of words and phrases and their compositionality},
  author={Mikolov, Tomas and Sutskever, Ilya and Chen, Kai and Corrado, Greg S and Dean, Jeff},
  booktitle={Advances in neural information processing systems},
  pages={3111--3119},
  year={2013}
}

@article{booth1955machine,
  title={Machine translation of languages, fourteen essays},
  author={Booth, Andrew Donald},
  year={1955},
  publisher={Wiley}
}

@inproceedings{pennington2014glove,
  title={Glove: Global vectors for word representation.},
  author={Pennington, Jeffrey and Socher, Richard and Manning, Christopher D},
  booktitle={EMNLP},
  volume={14},
  pages={1532--1543},
  year={2014}
}

@phdthesis{perinet2015,
  TITLE = {{Analyse distributionnelle appliqu\'{e}e aux textes de sp\'{e}cialit\'{e} : r\'{e}duction de la
  dispersion des donn\'{e}es par abstraction des  contextes}},
  AUTHOR = {P{\'e}rinet, Amandine},
  SCHOOL = {{Universit{\'e} Paris 13 ; Laboratoire d'Informatique M{\'e}dicale et d'Ing{\'e}nieurie des Connaissances en e-Sant{\'e}}},
  YEAR = {2015},
  MONTH = Mar,
  TYPE = {Theses},
  HAL_ID = {tel-01202371},
  HAL_VERSION = {v1},
}


@article{turney2010,
  author    = {Peter D. Turney and
               Patrick Pantel},
  title     = {From Frequency to Meaning: Vector Space Models of Semantics},
  journal   = {CoRR},
  volume    = {abs/1003.1141},
  year      = {2010}
}
@article{sahlgren2008distributional,
  title={The distributional hypothesis},
  author={Sahlgren, Magnus},
  journal={Italian Journal of Disability Studies},
  volume={20},
  pages={33--53},
  year={2008}
}
 
@InCollection{verschueren2015handbook,
  title={Handbook of Pragmatics 2015},
  author={Tomas Lehecka},
  editor={{\"O}stman, Jan and Blommaert and Verschueren, Jef},
  year={2015},
  publisher={John Benjamins},
  chapter = {2},
}

@phdthesis{sahlgren2006word,
  title={The Word-Space Model: Using distributional analysis to represent syntagmatic and paradigmatic relations between words in high-dimensional vector spaces},
  author={Sahlgren, Magnus},
  school={Stockholm University},
  year={2006}
}


@Misc{piero2017,
  author =       {Molino, Piero},
  title =        {{Word Embeddings Past, Present and Future}},
  year =         {2017},
  month =        {06},
  note =         {AI With The Best AIWTB 2017},
  url ={http://w4nderlu.st/teaching/word-embeddings},
}

 @inproceedings{lee2001algorithms,
   title={Algorithms for non-negative matrix factorization},
   author={Lee, Daniel D and Seung, H Sebastian},
   booktitle={Advances in neural information processing systems},
   pages={556--562},
   year={2001}
 }
 
@article{de1916course,
  title={Course in general linguistics (trans. Roy Harris)},
  author={De Saussure, Ferdinand},
  journal={London: Duckworth},
  year={1916}
}

@article{nadeau2007survey,
  title={A survey of named entity recognition and classification},
  author={Nadeau, David and Sekine, Satoshi},
  journal={Lingvisticae Investigationes},
  volume={30},
  number={1},
  pages={3--26},
  year={2007},
  publisher={John Benjamins publishing company}
}

@inproceedings{Niu2007,
 author = {Niu, Zheng-Yu and Ji, Dong-Hong and Tan, Chew-Lim},
 title = {I2R: Three Systems for Word Sense Discrimination, Chinese Word Sense Disambiguation, and English Word Sense Disambiguation},
 booktitle = {Proceedings of the 4th International Workshop on Semantic Evaluations},
 series = {SemEval '07},
 year = {2007},
 location = {Prague, Czech Republic},
 pages = {177--182},
 numpages = {6},
 url = {http://dl.acm.org/citation.cfm?id=1621474.1621511},
 acmid = {1621511},
 publisher = {Association for Computational Linguistics},
 address = {Stroudsburg, PA, USA},
} 



@book{nida1979componential,
  title={A Componential Analysis of Meaning: An Introduction to Semantic Structures},
  author={Nida, Eugene A},
  volume={57},
  year={1979},
  publisher={Walter de Gruyter GmbH \& Co KG}
}

@inproceedings{schutze1993vector,
  title={A vector model for syntagmatic and paradigmatic relatedness},
  author={Sch{\"u}tze, Hinrich and Pedersen, Jan},
  booktitle={Proceedings of the 9th Annual Conference of the UW Centre for the New OED and Text Research},
  pages={104--113},
  year={1993},
  organization={Oxford}
}

@book{manning1999foundations,
  title={Foundations of statistical natural language processing},
  author={Manning, Christopher D and Sch{\"u}tze, Hinrich and others},
  volume={999},
  year={1999},
  publisher={MIT Press}
}



@article{fabre2015,
  TITLE = {{Distributional Semantics Today Introduction to the special issue}},
  AUTHOR = {Fabre, C{\'e}cile and Lenci, Alessandro},
  URL = {https://hal.archives-ouvertes.fr/hal-01259695},
  JOURNAL = {{Traitement Automatique des Langues}},
  PUBLISHER = {{Lavoisier (Hermes Science Publications)}},
  SERIES = {S{\'e}mantique distributionnelle},
  VOLUME = {56},
  NUMBER = {2},
  PAGES = {7-20},
  YEAR = {2015},
  HAL_ID = {hal-01259695},
  HAL_VERSION = {v1},
}

@unpublished{JurafskyM17,
  author    = {Dan Jurafsky and
               James H. Martin},
  title     = {Speech and language processing: an introduction to natural language
               processing, computational linguistics, and speech recognition, 3rd
               Edition},
  edition = {3rd},              
  year      = {2017}
}

@article{bengio2003neural,
  title={A neural probabilistic language model},
  author={Bengio, Yoshua and Ducharme, R{\'e}jean and Vincent, Pascal and Jauvin, Christian},
  journal={Journal of machine learning research},
  volume={3},
  number={Feb},
  pages={1137--1155},
  year={2003}
}


@book{JurafskyM09,
  author    = {Dan Jurafsky and
               James H. Martin},
  title     = {Speech and language processing: an introduction to natural language
               processing, computational linguistics, and speech recognition, 2nd
               Edition},
  edition = {2nd},              
  series    = {Prentice Hall series in artificial intelligence},
  publisher = {Prentice Hall, Pearson Education International},
  year      = {2009}
}

@article{Collobert2011,
  author    = {Ronan Collobert and
               Jason Weston and
               L{\'{e}}on Bottou and
               Michael Karlen and
               Koray Kavukcuoglu and
               Pavel P. Kuksa},
  title     = {Natural Language Processing (almost) from Scratch},
  journal   = {CoRR},
  volume    = {abs/1103.0398},
  year      = {2011}
}

@article{scikit-learn,
 title={Scikit-learn: Machine Learning in {P}ython},
 author={Pedregosa, F. and Varoquaux, G. and Gramfort, A. and Michel, V.
         and Thirion, B. and Grisel, O. and Blondel, M. and Prettenhofer, P.
         and Weiss, R. and Dubourg, V. and Vanderplas, J. and Passos, A. and
         Cournapeau, D. and Brucher, M. and Perrot, M. and Duchesnay, E.},
 journal={Journal of Machine Learning Research},
 volume={12},
 pages={2825--2830},
 year={2011}
}

@inproceedings{nltk,
 author = {Loper, Edward and Bird, Steven},
 title = {NLTK: The Natural Language Toolkit},
 booktitle = {Proceedings of the ACL-02 Workshop on Effective Tools and Methodologies for Teaching Natural Language Processing and Computational Linguistics - Volume 1},
 series = {ETMTNLP '02},
 year = {2002},
 location = {Philadelphia, Pennsylvania},
 pages = {63--70},
 numpages = {8},
 acmid = {1118117},
 publisher = {Association for Computational Linguistics},
 address = {Stroudsburg, PA, USA},
} 


@book{mining12Book,
  editor    = {Charu C. Aggarwal and
               ChengXiang Zhai},
  title     = {Mining Text Data},
  publisher = {Springer},
  year      = {2012}
}

@inproceedings{niwa1994co,
  title={Co-occurrence vectors from corpora vs. distance vectors from dictionaries},
  author={Niwa, Yoshiki and Nitta, Yoshihiko},
  booktitle={Proceedings of the 15th conference on Computational linguistics-Volume 1},
  pages={304--309},
  year={1994},
  organization={Association for Computational Linguistics}
}

@article{PerinetH15,
  author    = {Amandine P{\'{e}}rinet and
               Thierry Hamon},
  title     = {Analyse distributionnelle appliqu{\'{e}}e aux textes de sp{\'{e}}cialit{\'{e}}
               - R{\'{e}}duction de la dispersion des donn{\'{e}}es par
               abstraction des contextes},
  journal   = {{TAL}},
  volume    = {56},
  number    = {2},
  year      = {2015}
}



@article{Church1990,
 author = {Church, Kenneth Ward and Hanks, Patrick},
 title = {Word Association Norms, Mutual Information, and Lexicography},
 journal = {Comput. Linguist.},
 issue_date = {March 1990},
 volume = {16},
 number = {1},
 month = mar,
 year = {1990},
 issn = {0891-2017},
 pages = {22--29},
 numpages = {8},
 acmid = {89095},
 publisher = {MIT Press},
 address = {Cambridge, MA, USA},
} 



@inproceedings{kiela2014systematic,
  title={A systematic study of semantic vector space model parameters},
  author={Kiela, Douwe and Clark, Stephen},
  booktitle={Proceedings of the 2nd Workshop on Continuous Vector Space Models and their Compositionality (CVSC) at EACL},
  pages={21--30},
  year={2014}
}

@article{clark2015vector,
  title={Vector space models of lexical meaning},
  author={Clark, Stephen},
  journal={Handbook of Contemporary Semantic Theory, The},
  pages={493--522},
  year={2015},
  publisher={Wiley Online Library}
}



@inproceedings{gensim,
        title = {{Software Framework for Topic Modelling with Large Corpora}},
        author = {Radim {\v R}eh{\r u}{\v r}ek and Petr Sojka},
        booktitle = {{Proceedings of the LREC 2010 Workshop on New
             Challenges for NLP Frameworks}},
        pages = {45--50},
        year = 2010,
        month = May,
        day = 22,
        publisher = {ELRA},
        address = {Valletta, Malta},
        note={\url{http://is.muni.cz/publication/884893/en}},
        language={English}
}

@article{baroni2010distributional,
  title={Distributional memory: A general framework for corpus-based semantics},
  author={Baroni, Marco and Lenci, Alessandro},
  journal={Computational Linguistics},
  volume={36},
  number={4},
  pages={673--721},
  year={2010},
  publisher={MIT Press}
}


@book{Sugiyama2015,
 author = {Sugiyama, Masashi},
 title = {Introduction to Statistical Machine Learning},
 year = {2016},
 isbn = {9780128023501},
 publisher = {Morgan Kaufmann Publishers Inc.},
 address = {San Francisco, CA, USA},
} 
@Article{ahn2010link,
  author       = {Ahn, Yong-Yeol and Bagrow, James P and Lehmann, Sune},
  title        = {Link communities reveal multiscale complexity in networks},
  volume       = {466},
  number       = {7307},
  pages        = {761--764},
  year        = {2010},
  journaltitle = {Nature},
  publisher    = {Nature Publishing Group},
}

@Article{harris1954,
  author       = {Harris, Zellig},
  title        = {Distributional structure},
  volume       = {10},
  number       = {23},
  pages        = {146--162},
  year        = {1954},
  journaltitle = {Word},
}

@InProceedings{vulic2011,
  author       = {Vuli{\'c}, Ivan and De Smet, Wim and Moens, Marie-Francine},
  title        = {Identifying word translations from comparable corpora using latent topic models},
  booktitle    = {Proceedings of the 49th Annual Meeting of the Association for Computational Linguistics: Human Language Technologies: short papers-Volume 2},
  pages        = {479--484},
  organization = {Association for Computational Linguistics},
  year        = {2011},
}

@InProceedings{Massung2013,
  author    = {Massung, S. and Chengxiang Zhai and Hockenmaier, J.},
  title     = {Structural Parse Tree Features for Text Representation},
  booktitle = {Semantic Computing (ICSC), 2013 IEEE Seventh International Conference on},
  pages     = {9-16},
  year     = {2013},
}

@InProceedings{2011.Haishan.AHypergraphbased,
  author    = {Liu, Haishan and Le Pendu, Paea and Jin, Ruoming and Dou, Dejing},
  title     = {A Hypergraph-based Method for Discovering Semantically Associated Itemsets},
  booktitle = {Proceedings of the 2011 IEEE 11th International Conference on Data Mining},
  series    = {ICDM '11},
  pages     = {398--406},
  publisher = {IEEE Computer Society},
  acmid     = {2118282},
  year     = {2011},
  isbn      = {978-0-7695-4408-3},
  keywords  = {Semantically associated itemset, hypergraph, random walk},
  location  = {Washington, DC, USA},
  numpages  = {9},
}

@InProceedings{ClinchantAC11,
  author    = {St{\'{e}}phane Clinchant and Julien Ah{-}Pine and Gabriela Csurka},
  title     = {Semantic combination of textual and visual information in multimedia retrieval},
  booktitle = {{ICMR}},
  pages     = {44},
  publisher = {{ACM}},
  year     = {2011},
}

@PhdThesis{Daume2006,
  author    = {Daum{\'e} III, Harold Charles},
  title     = {Practical Structured Learning Techniques for Natural Language Processing},
  note      = {AAI3337548},
  advisor   = {Marcu, Daniel},
  year     = {2006},
  isbn      = {978-0-549-91968-1},
  location  = {Los Angeles, CA, USA},
  publisher = {University of Southern California},
}

@inproceedings{ozkan2010latent,
  title={Latent mixture of discriminative experts for multimodal prediction modeling},
  author={Ozkan, Derya and Sagae, Kenji and Morency, Louis-Philippe},
  booktitle={Proceedings of the 23rd International Conference on Computational Linguistics},
  pages={860--868},
  year={2010},
  organization={Association for Computational Linguistics}
}


@InCollection{hope2013maxmax,
  author    = {Hope, David and Keller, Bill},
  title     = {MaxMax: a graph-based soft clustering algorithm applied to word sense induction},
  booktitle = {Computational Linguistics and Intelligent Text Processing},
  publisher = {Springer},
  pages     = {368--381},
  year     = {2013},
}

@InCollection{Choudhury2009,
  author    = {Choudhury, Monojit and Mukherjee, Animesh},
  title     = {The Structure and Dynamics of Linguistic Networks},
  booktitle = {Dynamics On and Of Complex Networks},
  publisher = {Birkh√§user Boston},
  editor    = {Ganguly, Niloy and Deutsch, Andreas and Mukherjee, Animesh},
  series    = {Modeling and Simulation in Science, Engineering and Technology},
  pages     = {145-166},
  isbn      = {978-0-8176-4750-6},
  year     = {2009},
  doi       = {10.1007/978-0-8176-4751-3_9},
  language  = {English},
}

@InProceedings{2009.Yeh.Wikiwalk,
  author    = {Yeh, Eric and Ramage, Daniel and Manning, Christopher D. and Agirre, Eneko and Soroa, Aitor},
  title     = {WikiWalk: Random Walks on Wikipedia for Semantic Relatedness},
  booktitle = {Proceedings of the 2009 Workshop on Graph-based Methods for Natural Language Processing},
  series    = {TextGraphs-4},
  pages     = {41--49},
  address   = {Stroudsburg, PA, USA},
  publisher = {Association for Computational Linguistics},
  acmid     = {1708133},
  year     = {2009},
  isbn      = {978-1-932432-54-1},
  location  = {Suntec, Singapore},
  numpages  = {9},
  url       = {http://dl.acm.org/citation.cfm?id=1708124.1708133},
}

@InProceedings{Bergsma2012,
  author    = {Bergsma, Shane and Post, Matt and Yarowsky, David},
  title     = {{Stylometric Analysis of Scientific Articles}},
  booktitle = {Proceedings of the 2012 Conference of the North American Chapter of the Association for Computational Linguistics: Human Language Technologies},
  series    = {NAACL HLT '12},
  pages     = {327--337},
  address   = {Stroudsburg, PA, USA},
  publisher = {Association for Computational Linguistics},
  year     = {2012},
  isbn      = {978-1-937284-20-6},
  location  = {Montreal, Canada},
  numpages  = {11},
}

@InProceedings{GialampoukidisM16,
  author    = {Ilias Gialampoukidis and Anastasia Moumtzidou and Dimitris Liparas and Stefanos Vrochidis and Ioannis Kompatsiaris},
  title     = {A hybrid graph-based and non-linear late fusion approach for multimedia retrieval},
  booktitle = {{CBMI}},
  pages     = {1--6},
  publisher = {{IEEE}},
  year     = {2016},
}

@InProceedings{FLICKINGER10,
  author    = {Dan Flickinger and Stephan Oepen and Gisle Ytrestol},
  title     = {{WikiWoods: Syntacto-Semantic Annotation for English Wikipedia}},
  booktitle = {Proceedings of the Seventh International Conference on Language Resources and Evaluation (LREC'10)},
  year      = {2010},
  month     = {{M}ay},
  publisher = {European Language Resources Association (ELRA)},
  year     = {19-21},
  location  = {Valletta, Malta},
}

@article{nastase2015,
  title={A survey of graphs in natural language processing},
  author={Nastase, Vivi and Mihalcea, Rada and Radev, Dragomir R},
  journal={Natural Language Engineering},
  volume={21},
  number={5},
  pages={665--698},
  year={2015},
  publisher={Cambridge University Press}
}



@InProceedings{Agirre2007,
  author    = {Agirre, Eneko and Soroa, Aitor},
  title     = {Semeval-2007 Task 02: Evaluating Word Sense Induction and Discrimination Systems},
  booktitle = {Proceedings of the 4th International Workshop on Semantic Evaluations},
  series    = {SemEval '07},
  pages     = {7--12},
  address   = {Stroudsburg, PA, USA},
  publisher = {Association for Computational Linguistics},
  acmid     = {1621476},
  year     = {2007},
  location  = {Prague, Czech Republic},
  numpages  = {6},
}

@InProceedings{RatinovR09,
  author    = {Lev{-}Arie Ratinov and Dan Roth},
  title     = {Design Challenges and Misconceptions in Named Entity Recognition},
  booktitle = {CoNLL},
  pages     = {147--155},
  publisher = {{ACL}},
  year     = {2009},
}
@incollection{liu2012survey,
  title={A survey of opinion mining and sentiment analysis},
  author={Liu, Bing and Zhang, Lei},
  booktitle={Mining text data},
  pages={415--463},
  year={2012},
  publisher={Springer}
}

@inproceedings{nivre2016universal,
  title={Universal Dependencies v1: A Multilingual Treebank Collection.},
  author={Nivre, Joakim and de Marneffe, Marie-Catherine and Ginter, Filip and Goldberg, Yoav and Hajic, Jan and Manning, Christopher D and McDonald, Ryan T and Petrov, Slav and Pyysalo, Sampo and Silveira, Natalia and others},
  booktitle={LREC},
  year={2016}
}

@inproceedings{schuster2016enhanced,
  title={Enhanced English Universal Dependencies: An Improved Representation for Natural Language Understanding Tasks.},
  author={Schuster, Sebastian and Manning, Christopher D},
  booktitle={LREC},
  year={2016}
}


@inproceedings{de2006generating,
  title={Generating typed dependency parses from phrase structure parses},
  author={De Marneffe, Marie-Catherine and MacCartney, Bill and Manning, Christopher D and others},
  booktitle={Proceedings of LREC},
  volume={6},
  number={2006},
  pages={449--454},
  year={2006},
  organization={Genoa Italy}
}


@InProceedings{Panchenko2017,
  author    = {Panchenko, A. and Faralli, S. and Ponzetto, S. P. and Biemann, C.},
  title     = {Unsupervised Does Not Mean Uninterpretable: The Case for Word Sense Induction and Disambiguation},
  booktitle = {{Proceedings of the 15th Conference of the European Chapter of the Association for Computational Linguistics (EACL 2017)}},
  publisher = {The Association for Computer Linguistics},
  year     = {2017},
}
@book{ClarkBook2010,
title = "The Handbook of Computational Linguistics and Natural Language Processing",
author = "Alexander Clark and Chris Fox and Shalom Lappin",
year = "2010",
publisher = "Wiley-Blackwell",

}

@inproceedings{phan2008learning,
  title={Learning to classify short and sparse text \& web with hidden topics from large-scale data collections},
  author={Phan, Xuan-Hieu and Nguyen, Le-Minh and Horiguchi, Susumu},
  booktitle={Proceedings of the 17th international conference on World Wide Web},
  pages={91--100},
  year={2008},
  organization={ACM}
}
@inproceedings{goldberg2013dataset,
  title={A Dataset of Syntactic-Ngrams over Time from a Very Large Corpus of English Books.},
  author={Goldberg, Yoav and Orwant, Jon},
  booktitle={* SEM@ NAACL-HLT},
  pages={241--247},
  year={2013}
}


@book{Manning2008,
 author = {Manning, Christopher D. and Raghavan, Prabhakar and Sch\"{u}tze, Hinrich},
 title = {Introduction to Information Retrieval},
 year = {2008},
 isbn = {0521865719, 9780521865715},
 publisher = {Cambridge University Press},
 address = {New York, NY, USA},
} 

@book{jaccard1908nouvelles,
  title={Nouvelles recherches sur la distribution florale},
  author={Jaccard, P.},
  series={Bulletin de la Soci{\'e}t{\'e} vaudoise des sciences naturelles},
  url={https://books.google.fr/books?id=qn7SmgEACAAJ},
  year={1908},
  publisher={Impr. R{\'e}unies}
}


@techreport{de2008stanford,
  title={Stanford typed dependencies manual},
  author={De Marneffe, Marie-Catherine and Manning, Christopher D},
  year={2008},
  institution={Technical report, Stanford University}
}


@inproceedings{bird2006nltk,
  title={NLTK: the natural language toolkit},
  author={Bird, Steven},
  booktitle={Proceedings of the COLING/ACL on Interactive presentation sessions},
  pages={69--72},
  year={2006},
  organization={Association for Computational Linguistics}
}


@article{bender2013linguistic,
  title={Linguistic fundamentals for natural language processing: 100 essentials from morphology and syntax},
  author={Bender, Emily M},
  journal={Synthesis Lectures on Human Language Technologies},
  volume={6},
  number={3},
  pages={1--184},
  year={2013},
  publisher={Morgan \& Claypool Publishers}
}



@Article{clauset2008hierarchical,
  author       = {Clauset, Aaron and Moore, Cristopher and Newman, Mark EJ},
  title        = {Hierarchical structure and the prediction of missing links in networks},
  volume       = {453},
  number       = {7191},
  pages        = {98--101},
  year        = {2008},
  journaltitle = {Nature},
  publisher    = {Nature Publishing Group},
}

@InProceedings{2010.Klapaftis.WSD.WSD.HierarchicalGraphs,
  author    = {Klapaftis, Ioannis P. and Manandhar, Suresh},
  title     = {Word Sense Induction \& Disambiguation Using Hierarchical Random Graphs},
  booktitle = {Proceedings of the 2010 Conference on Empirical Methods in Natural Language Processing},
  series    = {EMNLP '10},
  pages     = {745--755},
  address   = {Stroudsburg, PA, USA},
  publisher = {Association for Computational Linguistics},
  acmid     = {1870731},
  year     = {2010},
  location  = {Cambridge, Massachusetts},
  numpages  = {11},
  url       = {http://dl.acm.org/citation.cfm?id=1870658.1870731},
}

@InCollection{Choudhury09,
  author    = {Choudhury, Monojit and Mukherjee, Animesh},
  title     = {The Structure and Dynamics of Linguistic Networks},
  booktitle = {Dynamics On and Of Complex Networks},
  publisher = {Birkh?user Boston},
  editor    = {Ganguly, Niloy and Deutsch, Andreas and Mukherjee, Animesh},
  series    = {Modeling and Simulation in Science, Engineering and Technology},
  pages     = {145-166},
  isbn      = {978-0-8176-4750-6},
  year     = {2009},
  doi       = {10.1007/978-0-8176-4751-3_9},
  language  = {English},
}

@InProceedings{Wu2010,
  author    = {Wu, Fei and Weld, Daniel S.},
  title     = {Open Information Extraction Using Wikipedia},
  booktitle = {Proceedings of the 48th Annual Meeting of the Association for Computational Linguistics},
  series    = {ACL '10},
  pages     = {118--127},
  address   = {Stroudsburg, PA, USA},
  publisher = {Association for Computational Linguistics},
  acmid     = {1858694},
  year     = {2010},
  location  = {Uppsala, Sweden},
  numpages  = {10},
  url       = {http://dl.acm.org/citation.cfm?id=1858681.1858694},
}

@InProceedings{katz2014,
  author       = {Katz, Gilad and Shtock, Anna and Kurland, Oren and Shapira, Bracha and Rokach, Lior},
  title        = {Wikipedia-based query performance prediction},
  booktitle    = {Proceedings of the 37th international ACM SIGIR conference on Research \& development in information retrieval},
  pages        = {1235--1238},
  organization = {ACM},
  year        = {2014},
}

@phdthesis{gupta2015distantly,
  title={Distantly Supervised Information Extraction Using Bootstrapped Patterns},
  author={Gupta, Sonal},
  year={2015},
  school={Stanford University}
}


@InProceedings{2009.Agirre.PersonalizedPageRankWSD,
  author    = {Agirre, Eneko and Soroa, Aitor},
  title     = {Personalizing PageRank for Word Sense Disambiguation},
  booktitle = {Proceedings of the 12th Conference of the European Chapter of the Association for Computational Linguistics},
  series    = {EACL '09},
  pages     = {33--41},
  address   = {Stroudsburg, PA, USA},
  publisher = {Association for Computational Linguistics},
  acmid     = {1609070},
  year     = {2009},
  location  = {Athens, Greece},
  numpages  = {9},
}

@Book{Mihalcea2011,
  title     = {Graph-based Natural Language Processing and Information Retrieval},
  publisher = {Cambridge University Press},
  author    = {Mihalcea, Rada F. and Radev, Dragomir R.},
  edition   = {1st},
  isbn      = {0521896134, 9780521896139},
  year     = {2011},
  location  = {New York, NY, USA},
}

@InProceedings{2013.Hope.GradedWSI,
  author    = {Hope, David and Keller, Bill},
  title     = {UoS: A Graph-Based System for Graded Word Sense Induction},
  booktitle = {Second Joint Conference on Lexical and Computational Semantics (*SEM), Volume 2: Proceedings of the Seventh International Workshop on Semantic Evaluation (SemEval 2013)},
  pages     = {689--694},
  publisher = {Association for Computational Linguistics},
  year     = {2013-06},
  location  = {Atlanta, Georgia, USA},
  url       = {http://www.aclweb.org/anthology/S13-2113},
}

@InProceedings{manning2014,
  author    = {Manning, Christopher D. and Surdeanu, Mihai and Bauer, John and Finkel, Jenny and Bethard, Steven J. and McClosky, David},
  title     = {{The {Stanford} {CoreNLP} Natural Language Processing Toolkit}},
  booktitle = {Proceedings of 52nd Annual Meeting of the Association for Computational Linguistics: System Demonstrations},
  pages     = {55--60},
  year     = {2014},
  url       = {http://www.aclweb.org/anthology/P/P14/P14-5010},
}

@Article{AtreyHEK10,
  author       = {Pradeep K. Atrey and M. Anwar Hossain and Abdulmotaleb El{-}Saddik and Mohan S. Kankanhalli},
  title        = {Multimodal fusion for multimedia analysis: a survey},
  volume       = {16},
  number       = {6},
  pages        = {345--379},
  year        = {2010},
  journaltitle = {Multimedia Syst.},
}

@Article{firth57synopsis,
  author    = {Firth, J. R.},
  title     = {A synopsis of linguistic theory 1930-55.},
  volume    = {1952-59},
  pages     = {1-32},
  biburl    = {http://puma.uni-kassel.de/bibtex/25e3d6c72cdd123a638f71886d78f3c1e/stumme},
  booktitle = {Studies in Linguistic Analysis (special volume of the Philological Society)},
  year     = {1957},
  location  = {Oxford},
  publisher = {The Philological Society},
}

@article{levy2015improving,
  title={Improving distributional similarity with lessons learned from word embeddings},
  author={Levy, Omer and Goldberg, Yoav and Dagan, Ido},
  journal={Transactions of the Association for Computational Linguistics},
  volume={3},
  pages={211--225},
  year={2015}
}


@InProceedings{2011.DiMarco.Navigli.ClusteringWebSearch,
  author    = {Di Marco, Antonio and Navigli, Roberto},
  title     = {Clustering Web Search Results with Maximum Spanning Trees},
  booktitle = {Proceedings of the 12th International Conference on Artificial Intelligence Around Man and Beyond},
  series    = {AI*IA'11},
  pages     = {201--212},
  address   = {Berlin, Heidelberg},
  publisher = {Springer-Verlag},
  acmid     = {2042002},
  year     = {2011},
  isbn      = {978-3-642-23953-3},
  location  = {Palermo, Italy},
  numpages  = {12},
  url       = {http://dl.acm.org/citation.cfm?id=2041977.2042002},
}

@Article{2013.Kivimaki.AGraph-BasedApproach,
  author       = {Kivim{\"a}ki, Ilkka and Panchenko, Alexander and Dessy, Adrien and Verdegem, Dries and Francq, Pascal and Fairon, C{\'e}drick and Bersini, Hugues and Saerens, Marco},
  title        = {A graph-based approach to skill extraction from text},
  pages        = {79},
  year        = {2013},
  journaltitle = {Graph-Based Methods for Natural Language Processing},
}

@Article{heintz2014beyond,
  author       = {Heintz, Benjamin and Chandra, Abhishek},
  title        = {Beyond graphs: toward scalable hypergraph analysis systems},
  volume       = {41},
  number       = {4},
  pages        = {94--97},
  year        = {2014},
  journaltitle = {ACM SIGMETRICS Performance Evaluation Review},
  publisher    = {ACM},
}

@Article{Brin1998,
  author       = {Brin, Sergey and Page, Lawrence},
  title        = {The Anatomy of a Large-scale Hypertextual Web Search Engine},
  volume       = {30},
  number       = {1-7},
  pages        = {107--117},
  issn         = {0169-7552},
  acmid        = {297827},
  year        = {1998-04},
  doi          = {10.1016/S0169-7552(98)00110-X},
  issue_date   = {April 1, 1998},
  journaltitle = {Comput. Netw. ISDN Syst.},
  keywords     = {Google, PageRank, World Wide Web, information retrieval, search engines},
  location     = {Amsterdam, The Netherlands, The Netherlands},
  numpages     = {11},
  publisher    = {Elsevier Science Publishers B. V.},
}

@InProceedings{2010.Siberer.GraphCooccurrenceWSD,
  author    = {Silberer, Carina and Ponzetto, Simone Paolo},
  title     = {UHD: Cross-lingual Word Sense Disambiguation Using Multilingual Co-occurrence Graphs},
  booktitle = {Proceedings of the 5th International Workshop on Semantic Evaluation},
  series    = {SemEval '10},
  pages     = {134--137},
  address   = {Stroudsburg, PA, USA},
  publisher = {Association for Computational Linguistics},
  acmid     = {1859691},
  year     = {2010},
  location  = {Los Angeles, California},
  numpages  = {4},
  url       = {http://dl.acm.org/citation.cfm?id=1859664.1859691},
}

@InProceedings{CruysA11,
  author    = {Tim Van de Cruys and Marianna Apidianaki},
  title     = {Latent Semantic Word Sense Induction and Disambiguation},
  booktitle = {{ACL}},
  pages     = {1476--1485},
  publisher = {The Association for Computer Linguistics},
  year     = {2011},
}

@InProceedings{2008.Agirre.Multilingual,
  author    = {Eneko Agirre and Aitor Soroa},
  title     = {Using the Multilingual Central Repository for Graph-Based Word Sense Disambiguation},
  booktitle = {Proceedings of the Sixth International Conference on Language Resources and Evaluation (LREC'08)},
  year      = {2008},
  month     = {may},
  publisher = {European Language Resources Association (ELRA)},
  year     = {28-30},
  isbn      = {2-9517408-4-0},
  language  = {english},
  location  = {Marrakech, Morocco},
}

@article{daume2012course,
  title={A course in machine learning},
  author={Daum{\'e} III, Hal},
  journal={chapter},
  volume={5},
  pages={69},
  year={2012}
}



@InProceedings{Collins2002,
  author    = {Collins, Michael},
  title     = {Discriminative Training Methods for Hidden Markov Models: Theory and Experiments with Perceptron Algorithms},
  booktitle = {Proceedings of the ACL-02 Conference on Empirical Methods in Natural Language Processing - Volume 10},
  series    = {EMNLP '02},
  pages     = {1--8},
  publisher = {Association for Computational Linguistics},
  acmid     = {1118694},
  year     = {2002},
  doi       = {10.3115/1118693.1118694},
  location  = {Stroudsburg, PA, USA},
  numpages  = {8},
}

@InProceedings{SchenkelSK07,
  author    = {Ralf Schenkel and Fabian M. Suchanek and Gjergji Kasneci},
  title     = {{YAWN:} {A} Semantically Annotated Wikipedia {XML} Corpus},
  booktitle = {Datenbanksysteme in Business, Technologie und Web {(BTW} 2007), 12. Fachtagung des GI-Fachbereichs "Datenbanken und Informationssysteme" (DBIS), Proceedings, 7.-9. M{\"{a}}rz 2007, Aachen, Germany},
  pages     = {277--291},
  bibsource = {dblp computer science bibliography, http://dblp.org},
  biburl    = {http://dblp.uni-trier.de/rec/bib/conf/btw/SchenkelSK07},
  year     = {2007},
  timestamp = {Thu, 18 Dec 2014 20:27:08 +0100},
  url       = {http://subs.emis.de/LNI/Proceedings/Proceedings103/article1404.html},
}



@InProceedings{2011.Jurgens.WSICommunityDetection,
  author    = {Jurgens, David},
  title     = {Word Sense Induction by Community Detection},
  booktitle = {Proceedings of TextGraphs-6: Graph-based Methods for Natural Language Processing},
  series    = {TextGraphs-6},
  pages     = {24--28},
  address   = {Stroudsburg, PA, USA},
  publisher = {Association for Computational Linguistics},
  acmid     = {2024282},
  year     = {2011},
  isbn      = {978-1-937284-008},
  location  = {Portland, Oregon},
  numpages  = {5},
  url       = {http://dl.acm.org/citation.cfm?id=2024277.2024282},
}

@Article{2004.Veronis,
  author       = {Jean V\'{e}ronis},
  title        = {HyperLex: lexical cartography for information retrieval},
  volume       = {18},
  number       = {3},
  pages        = {223 - 252},
  issn         = {0885-2308},
  year        = {2004},
  doi          = {10.1016/j.csl.2004.05.002},
  journaltitle = {Computer Speech \& Language},
}

@Article{2013.DiMarco.Navigli.ClusteringGraph-BasedWSI,
  author       = {Di Marco, Antonio and Navigli, Roberto},
  title        = {Clustering and diversifying web search results with graph-based word sense induction},
  volume       = {39},
  number       = {3},
  pages        = {709--754},
  year        = {2013},
  journaltitle = {Computational Linguistics},
  publisher    = {MIT Press},
}

@Article{Ah-PineCC15,
  author       = {Julien Ah{-}Pine and Gabriela Csurka and St{\'{e}}phane Clinchant},
  title        = {Unsupervised Visual and Textual Information Fusion in {CBMIR} Using Graph-Based Methods},
  volume       = {33},
  number       = {2},
  pages        = {9:1--9:31},
  year        = {2015},
  journaltitle = {{ACM} Trans. Inf. Syst.},
}


@article{Luxburg2007,
 author = {Luxburg, Ulrike},
 title = {A Tutorial on Spectral Clustering},
 journal = {Statistics and Computing},
 issue_date = {December  2007},
 volume = {17},
 number = {4},
 month = dec,
 year = {2007},
 issn = {0960-3174},
 pages = {395--416},
 numpages = {22},
 url = {http://dx.doi.org/10.1007/s11222-007-9033-z},
 doi = {10.1007/s11222-007-9033-z},
 acmid = {1288832},
 publisher = {Kluwer Academic Publishers},
 address = {Hingham, MA, USA},
 keywords = {Graph Laplacian, Spectral clustering},
} 


@inproceedings{Song16,
  author    = {Linfeng Song and
               Zhiguo Wang and
               Haitao Mi and
               Daniel Gildea},
  title     = {Sense Embedding Learning for Word Sense Induction},
  booktitle = {*SEM@ACL},
  publisher = {The *SEM 2016 Organizing Committee},
  year      = {2016}
}

@article{Shi2000,
 author = {Shi, Jianbo and Malik, Jitendra},
 title = {Normalized Cuts and Image Segmentation},
 journal = {IEEE Trans. Pattern Anal. Mach. Intell.},
 issue_date = {August 2000},
 volume = {22},
 number = {8},
 month = aug,
 year = {2000},
 issn = {0162-8828},
 pages = {888--905},
 numpages = {18},
 url = {http://dx.doi.org/10.1109/34.868688},
 doi = {10.1109/34.868688},
 acmid = {351611},
 publisher = {IEEE Computer Society},
 address = {Washington, DC, USA},
} 

@inproceedings{song2008parallel,
  title={Parallel spectral clustering},
  author={Song, Yangqiu and Chen, Wen-Yen and Bai, Hongjie and Lin, Chih-Jen and Chang, Edward Y},
  booktitle={Joint European Conference on Machine Learning and Knowledge Discovery in Databases},
  pages={374--389},
  year={2008},
  organization={Springer}
}


@InProceedings{GoyalH14,
  author    = {Kartik Goyal and Eduard H. Hovy},
  title     = {Unsupervised Word Sense Induction using Distributional Statistics},
  booktitle = {{COLING}},
  pages     = {1302--1310},
  publisher = {{ACL}},
  year     = {2014},
}

@InProceedings{yu2014informedia,
  author    = {Yu, Shoou-I and Jiang, Lu and Mao, Zexi and Chang, Xiaojun and Du, Xingzhong and Gan, Chuang and Lan, Zhenzhong and Xu, Zhongwen and Li, Xuanchong and Cai, Yang and others},
  title     = {Informedia@ trecvid 2014 med and mer},
  booktitle = {NIST TRECVID Video Retrieval Evaluation Workshop},
  volume    = {24},
  year     = {2014},
}

@InProceedings{2014.Tao.Qian.LexicalChainHypergraphWSI,
  author    = {Qian, Tao and JI, Donghong and Zhang, Mingyao and Teng, Chong and Xia, Congling},
  title     = {Word Sense Induction Using Lexical Chain based Hypergraph Model},
  booktitle = {Proceedings of COLING 2014, the 25th International Conference on Computational Linguistics: Technical Papers},
  pages     = {1601--1611},
  publisher = {Dublin City University and Association for Computational Linguistics},
  year     = {2014},
  location  = {Dublin, Ireland},
  url       = {http://www.aclweb.org/anthology/C14-1152},
}

@InProceedings{charton2010,
  author    = {Eric Charton and Juan-Manuel Torres-Moreno},
  title     = {{NLGbAse: A Free Linguistic Resource for Natural Language Processing Systems}},
  booktitle = {Proceedings of the Seventh conference on International Language Resources and Evaluation (LREC'10)},
  year      = {2010},
  month     = {{May}},
  publisher = {European Language Resources Association (ELRA)},
  year     = {19-21},
  isbn      = {2-9517408-6-7},
  language  = {english},
  location  = {Valletta, Malta},
}

@Article{2014.Moro.Navigli.EntityLinking_WSD,
  author       = {Andrea Moro and Alessandro Raganato and Roberto Navigli},
  title        = {{Entity Linking meets Word Sense Disambiguation: a Unified Approach}},
  volume       = {2},
  pages        = {231-244},
  year        = {2014},
  journaltitle = {Transactions of the Association for Computational Linguistics (TACL)},
}

@InProceedings{2007.Klapaftis.UOY,
  author    = {Klapaftis, Ioannis P. and Manandhar, Suresh},
  title     = {UOY: A Hypergraph Model for Word Sense Induction \& Disambiguation},
  booktitle = {Proceedings of the 4th International Workshop on Semantic Evaluations},
  series    = {SemEval '07},
  pages     = {414--417},
  address   = {Stroudsburg, PA, USA},
  publisher = {Association for Computational Linguistics},
  acmid     = {1621566},
  year     = {2007},
  location  = {Prague, Czech Republic},
  numpages  = {4},
}

@InProceedings{ATSERIAS08,
  author    = {Jordi Atserias, Hugo Zaragoza, Massimiliano Ciaramita and Giuseppe Attardi},
  title     = {{Semantically Annotated Snapshot of the English Wikipedia}},
  booktitle = {Proceedings of the Sixth International Conference on Language Resources and Evaluation (LREC'08)},
  year      = {2008},
  month     = {{M}ay},
  publisher = {European Language Resources Association (ELRA)},
  year     = {28-30},
  isbn      = {2-9517408-4-0},
  location  = {Marrakech, Morocco},
}

@Book{Berge1985,
  title     = {Graphs and Hypergraphs},
  publisher = {Elsevier},
  author    = {Berge, C.},
  isbn      = {0720404797},
  year     = {1985},
  location  = {Oxford, UK, UK},
}

@InProceedings{sagae2009,
  author    = {Sagae, Kenji and Gordon, Andrew S.},
  title     = {Clustering {Words} by {Syntactic} {Similarity} {Improves} {Dependency} {Parsing} of {Predicate}-{Argument} {Structures}},
  booktitle = {International {Conference} on {Parsing} {Technologies} ({IWPT}-09)},
  year     = {2009-10},
  keywords  = {The Narrative Group, Virtual Humans},
  location  = {Paris, France},
}

@Article{Schaeffer2007,
  author       = {Schaeffer, Satu Elisa},
  title        = {Survey: Graph Clustering},
  volume       = {1},
  number       = {1},
  pages        = {27--64},
  issn         = {1574-0137},
  acmid        = {2296057},
  year        = {2007-08},
  issue_date   = {August, 2007},
  journaltitle = {Comput. Sci. Rev.},
  location     = {Amsterdam, The Netherlands, The Netherlands},
  numpages     = {38},
  publisher    = {Elsevier Science Publishers B. V.},
}

@InCollection{Jiawei2009,
  author    = {Han, Jiawei},
  title     = {Mining Heterogeneous Information Networks by Exploring the Power of Links},
  booktitle = {Discovery Science},
  publisher = {Springer Berlin Heidelberg},
  volume    = {5808},
  series    = {Lecture Notes in Computer Science},
  pages     = {13-30},
  isbn      = {978-3-642-04746-6},
  year     = {2009},
  doi       = {10.1007/978-3-642-04747-3_2},
  language  = {English},
}

@InProceedings{pedersen2010duluth,
  author       = {Pedersen, Ted},
  title        = {Duluth-WSI: SenseClusters applied to the sense induction task of SemEval-2},
  booktitle    = {Proceedings of the 5th international workshop on semantic evaluation},
  pages        = {363--366},
  organization = {Association for Computational Linguistics},
  year        = {2010},
}

@Article{2013.Saluja.Graph-BasedUnsupervisedLearning,
  author       = {Saluja, Avneesh and Navr{\'a}til, Jir{\i}},
  title        = {Graph-Based Unsupervised Learning of Word Similarities Using Heterogeneous Feature Types},
  pages        = {29},
  year        = {2013},
  journaltitle = {Graph-Based Methods for Natural Language Processing},
}

@InProceedings{2007.Sinha.Mihalcea.Unsupervised,
  author   = {Sinha, Ravi and Mihalcea, Rada},
  title    = {Unsupervised Graph-basedWord Sense Disambiguation Using Measures of Word Semantic Similarity},
  series   = {ICSC '07},
  pages    = {363--369},
  acmid    = {1306359},
  year    = {2007},
  isbn     = {0-7695-2997-6},
  location = {Washington, DC, USA},
  numpages = {7},
}

@Book{Murphy2012,
  title     = {Machine Learning: A Probabilistic Perspective},
  publisher = {The MIT Press},
  author    = {Murphy, Kevin P.},
  isbn      = {0262018020, 9780262018029},
  year     = {2012},
}

@InProceedings{VandeCruys2011,
  author    = {Van de Cruys, Tim and Apidianaki, Marianna},
  title     = {Latent Semantic Word Sense Induction and Disambiguation},
  booktitle = {Proceedings of the 49th Annual Meeting of the Association for Computational Linguistics: Human Language Technologies - Volume 1},
  series    = {HLT '11},
  pages     = {1476--1485},
  address   = {Stroudsburg, PA, USA},
  publisher = {Association for Computational Linguistics},
  acmid     = {2002652},
  year     = {2011},
  isbn      = {978-1-932432-87-9},
  location  = {Portland, Oregon},
  numpages  = {10},
}

@InProceedings{SangM03,
  author    = {Erik F. Tjong Kim Sang and Fien De Meulder},
  title     = {Introduction to the CoNLL-2003 Shared Task: Language-Independent Named Entity Recognition},
  booktitle = {CoNLL},
  pages     = {142--147},
  publisher = {{ACL}},
  year     = {2003},
}

@InProceedings{2006.Agirre.TwoGraph-basedAlgorithms,
  author    = {Agirre, Eneko and Mart\'{i}nez, David and de Lacalle, Oier L\'{o}pez and Soroa, Aitor},
  title     = {Two Graph-based Algorithms for State-of-the-art WSD},
  booktitle = {Proceedings of the 2006 Conference on Empirical Methods in Natural Language Processing},
  series    = {EMNLP '06},
  pages     = {585--593},
  address   = {Stroudsburg, PA, USA},
  publisher = {Association for Computational Linguistics},
  acmid     = {1610157},
  year     = {2006},
  isbn      = {1-932432-73-6},
  location  = {Sydney, Australia},
  numpages  = {9},
}

@InProceedings{2004.Mihalcea.SemanticNetworkPageRank,
  author    = {Mihalcea, Rada and Tarau, Paul and Figa, Elizabeth},
  title     = {PageRank on Semantic Networks, with Application to Word Sense Disambiguation},
  booktitle = {Proceedings of the 20th International Conference on Computational Linguistics},
  series    = {COLING '04},
  address   = {Stroudsburg, PA, USA},
  publisher = {Association for Computational Linguistics},
  acmid     = {1220517},
  articleno = {1126},
  year     = {2004},
  doi       = {10.3115/1220355.1220517},
  location  = {Geneva, Switzerland},
}

@Article{estrada2005,
  author       = {Estrada, Ernesto and Rodriguez-Velazquez, Juan A},
  title        = {Complex networks as hypergraphs},
  year        = {2005},
  journaltitle = {arXiv preprint physics/0505137},
}

@Misc{westbury2010,
  author       = {Shaoul, C. and Westbury, C.},
  title        = {{ The Westbury Lab Wikipedia Corpus}},
  howpublished = {\url{http://www.psych.ualberta.ca/~westburylab/downloads/westburylab.wikicorp.download.html}},
  year        = {2010},
  publisher    = {{Edmonton, AB: University of Alberta}},
}



@techreport{lebret2013deep,
  title={Is deep learning really necessary for word embeddings?},
  author={Lebret, R{\'e}mi and Legrand, Jo{\"e}l and Collobert, Ronan},
  year={2013},
  institution={Idiap}
}

@inproceedings{baroni2014don,
  title={Don't count, predict! A systematic comparison of context-counting vs. context-predicting semantic vectors.},
  author={Baroni, Marco and Dinu, Georgiana and Kruszewski, Germ{\'a}n},
  booktitle={ACL (1)},
  pages={238--247},
  year={2014}
}

@inproceedings{allison2006another,
  title={Another look at the data sparsity problem},
  author={Allison, Ben and Guthrie, David and Guthrie, Louise},
  booktitle={International Conference on Text, Speech and Dialogue},
  pages={327--334},
  year={2006},
  organization={Springer}
}


@inproceedings{gabrilovich2007computing,
  title={Computing semantic relatedness using wikipedia-based explicit semantic analysis.},
  author={Gabrilovich, Evgeniy and Markovitch, Shaul},
  booktitle={IJcAI},
  volume={7},
  pages={1606--1611},
  year={2007}
}


@inproceedings{levy2014neural,
  title={Neural word embedding as implicit matrix factorization},
  author={Levy, Omer and Goldberg, Yoav},
  booktitle={Advances in neural information processing systems},
  pages={2177--2185},
  year={2014}
}

@inproceedings{ferret2010testing,
  title={Testing Semantic Similarity Measures for Extracting Synonyms from a Corpus.},
  author={Ferret, Olivier},
  booktitle={LREC},
  volume={10},
  pages={3338--3343},
  year={2010}
}


@article{bruni2014multimodal,
  title={Multimodal distributional semantics.},
  author={Bruni, Elia and Tran, Nam-Khanh and Baroni, Marco},
  journal={J. Artif. Intell. Res.(JAIR)},
  volume={49},
  number={2014},
  pages={1--47},
  year={2014}
}


@inproceedings{Lin1997,
 author = {Lin, Dekang},
 title = {Using Syntactic Dependency As Local Context to Resolve Word Sense Ambiguity},
 booktitle = {Proceedings of the Eighth Conference on European Chapter of the Association for Computational Linguistics},
 series = {EACL '97},
 year = {1997},
 location = {Madrid, Spain},
 pages = {64--71},
 numpages = {8},
 acmid = {979626},
 publisher = {Association for Computational Linguistics},
 address = {Stroudsburg, PA, USA},
} 


@InProceedings{LevyG14,
  author    = {Omer Levy and Yoav Goldberg},
  title     = {Dependency-Based Word Embeddings},
  booktitle = {{ACL} {(2)}},
  pages     = {302--308},
  publisher = {The Association for Computer Linguistics},
  year     = {2014},
}

@inproceedings{Nothman2009,
 author = {Nothman, Joel and Murphy, Tara and Curran, James R.},
 title = {Analysing Wikipedia and Gold-standard Corpora for NER Training},
 booktitle = {Proceedings of the 12th Conference of the European Chapter of the Association for Computational Linguistics},
 series = {EACL '09},
 year = {2009},
 location = {Athens, Greece},
 pages = {612--620},
 numpages = {9},
 acmid = {1609135},
 publisher = {Association for Computational Linguistics},
 address = {Stroudsburg, PA, USA},
} 


@Article{2007.Tsatsaronis.WSDwithSpreading,
  author    = {Tsatsaronis, George and Vazirgiannis, Michalis and Androutsopoulos, Ion},
  title     = {Word Sense Disambiguation with Spreading Activation Networks Generated from Thesauri},
  booktitle = {IJCAI 2007},
  year     = {2007},
  editor    = {Veloso, Manuela M.},
}

@Misc{Attardi2015,
  author       = {{Giuseppe Attardi}},
  title        = {{WikiExtractor}},
  howpublished = {\url{https://github.com/attardi/wikiextractor}},
  commit       = {90d1c1ebcfc94036582eb4ab1aeba1c558684425},
  year        = {2015},
  journaltitle = {GitHub repository},
  publisher    = {GitHub},
}

@InProceedings{2010.Navigli.InducingWordSenses.Triangles,
  author    = {Navigli, Roberto and Crisafulli, Giuseppe},
  title     = {Inducing Word Senses to Improve Web Search Result Clustering},
  series    = {EMNLP '10},
  pages     = {116--126},
  address   = {Stroudsburg, PA, USA},
  publisher = {Association for Computational Linguistics},
  acmid     = {1870670},
  year     = {2010},
  location  = {Cambridge, Massachusetts},
  numpages  = {11},
}

@InProceedings{Balasuriya2009,
  author    = {Balasuriya, Dominic and Ringland, Nicky and Nothman, Joel and Murphy, Tara and Curran, James R.},
  title     = {Named Entity Recognition in Wikipedia},
  booktitle = {Proceedings of the 2009 Workshop on The People's Web Meets NLP: Collaboratively Constructed Semantic Resources},
  series    = {People's Web '09},
  pages     = {10--18},
  address   = {Stroudsburg, PA, USA},
  publisher = {Association for Computational Linguistics},
  acmid     = {1699767},
  year     = {2009},
  isbn      = {978-1-932432-55-8},
  location  = {Suntec, Singapore},
  numpages  = {9},
  url       = {http://dl.acm.org/citation.cfm?id=1699765.1699767},
}

@InProceedings{2008.Klapaftis.WSIUsingCollocations,
  author    = {Klapaftis, Ioannis P. and Manandhar, Suresh},
  title     = {Word Sense Induction Using Graphs of Collocations},
  booktitle = {Proceedings of the 2008 Conference on ECAI 2008: 18th European Conference on Artificial Intelligence},
  pages     = {298--302},
  publisher = {IOS Press},
  acmid     = {1567349},
  year     = {2008},
  isbn      = {978-1-58603-891-5},
  location  = {Amsterdam, The Netherlands, The Netherlands},
  numpages  = {5},
}

@InProceedings{2013.Bronselaer.TextAnalysisWithGraphs,
  author    = {Antoon Bronselaer and Gabriella Pasi},
  title     = {An approach to graph-based analysis of textual documents},
  booktitle = {Proceedings of the 8th conference of the European Society for Fuzzy Logic and Technology, EUSFLAT-13, Milano, Italy, September 11-13, 2013},
  year     = {2013},
  doi       = {10.2991/eusflat.2013.96},
}

@InProceedings{semeval2007task2,
  author    = {Agirre, Eneko and Soroa, Aitor},
  title     = {Semeval-2007 Task 02: Evaluating Word Sense Induction and Discrimination Systems},
  booktitle = {Proceedings of the 4th International Workshop on Semantic Evaluations},
  series    = {SemEval '07},
  pages     = {7--12},
  address   = {Stroudsburg, PA, USA},
  publisher = {Association for Computational Linguistics},
  acmid     = {1621476},
  year     = {2007},
  location  = {Prague, Czech Republic},
  numpages  = {6},
}

@InProceedings{Semeval2010,
  author    = {Manandhar, Suresh and Klapaftis, Ioannis and Dligach, Dmitriy and Pradhan, Sameer},
  title     = {SemEval-2010 Task 14: Word Sense Induction \& Disambiguation},
  booktitle = {Proceedings of the 5th International Workshop on Semantic Evaluation},
  pages     = {63--68},
  publisher = {Association for Computational Linguistics},
  year     = {2010-07},
  location  = {Uppsala, Sweden},
  url       = {http://www.aclweb.org/anthology/S10-1011},
}

@inproceedings{pado2003constructing,
  title={Constructing semantic space models from parsed corpora},
  author={Pad{\'o}, Sebastian and Lapata, Mirella},
  booktitle={Proceedings of the 41st Annual Meeting on Association for Computational Linguistics-Volume 1},
  pages={128--135},
  year={2003},
  organization={Association for Computational Linguistics}
}


@InProceedings{2007.Navigli.GraphConnectivity,
  author    = {Navigli, Roberto and Lapata, Mirella},
  title     = {Graph Connectivity Measures for Unsupervised Word Sense Disambiguation},
  booktitle = {Proceedings of the 20th International Joint Conference on Artifical Intelligence},
  series    = {IJCAI'07},
  pages     = {1683--1688},
  address   = {San Francisco, CA, USA},
  publisher = {Morgan Kaufmann Publishers Inc.},
  acmid     = {1625548},
  year     = {2007},
  location  = {Hyderabad, India},
  numpages  = {6},
}

@Article{2013.Matuschek.Gurevych.Dijsktra.WSA,
  author       = {Michael Matuschek and Iryna Gurevych},
  title        = {Dijkstra-WSA: A Graph-Based Approach to Word Sense Alignment},
  volume       = {1},
  pages        = {151-164},
  year        = {2013-05},
  journaltitle = {Transactions of the Association for Computational Linguistics (TACL)},
  pubkey       = {TUD-CS-2013-0057},
}

@InProceedings{biemann2006chinese,
  author       = {Biemann, Chris},
  title        = {Chinese whispers: an efficient graph clustering algorithm and its application to natural language processing problems},
  booktitle    = {Proceedings of the first workshop on graph based methods for natural language processing},
  pages        = {73--80},
  organization = {Association for Computational Linguistics},
  year        = {2006},
}

@InProceedings{ShutovaKM16,
  author    = {Ekaterina Shutova and Douwe Kiela and Jean Maillard},
  title     = {Black Holes and White Rabbits: Metaphor Identification with Visual Features},
  booktitle = {{HLT-NAACL}},
  pages     = {160--170},
  publisher = {The Association for Computational Linguistics},
  year     = {2016},
}

@Comment{jabref-meta: databaseType:bibtex;}
