# Important Papers for my thesis
@article{DBLP:journals/mms/AtreyHEK10,
  author    = {Pradeep K. Atrey and
               M. Anwar Hossain and
               Abdulmotaleb El{-}Saddik and
               Mohan S. Kankanhalli},
  title     = {Multimodal fusion for multimedia analysis: a survey},
  journal   = {Multimedia Syst.},
  volume    = {16},
  number    = {6},
  pages     = {345--379},
  year      = {2010}
}

@article{fabre:hal-01259695,
  TITLE = {{Distributional Semantics Today Introduction to the special issue}},
  AUTHOR = {Fabre, C{\'e}cile and Lenci, Alessandro},
  URL = {https://hal.archives-ouvertes.fr/hal-01259695},
  JOURNAL = {{Traitement Automatique des Langues}},
  PUBLISHER = {{Lavoisier (Hermes Science Publications)}},
  SERIES = {S{\'e}mantique distributionnelle},
  VOLUME = {56},
  NUMBER = {2},
  PAGES = {7-20},
  YEAR = {2015},
  KEYWORDS = {{\'e}valuation de ressources distributionnelles ; relations s{\'e}mantiques ; Distributional Semantic Models ; vector-space models ; corpus-based semantics ; se-mantic proximity ; semantic relations ; mod{\`e}les vectoriels ; proximit{\'e} s{\'e}mantique},
  PDF = {https://hal.archives-ouvertes.fr/hal-01259695/file/Fabre_Lenci_TAL56-2.pdf},
  HAL_ID = {hal-01259695},
  HAL_VERSION = {v1},
}


@phdthesis{wu2012graph,
  title={Graph-based Algorithms for Lexical Semantics and its Applications},
  author={Wu, Wei},
  year={2012}
}

@inproceedings{DBLP:conf/acl/LevyG14,
  author    = {Omer Levy and
               Yoav Goldberg},
  title     = {Dependency-Based Word Embeddings},
  booktitle = {{ACL} {(2)}},
  pages     = {302--308},
  publisher = {The Association for Computer Linguistics},
  year      = {2014}
}

@inproceedings{Huang2015ModelingHN,
  title={Modeling Heterogeneous Networks for Information Ranking , Enrichment and Resolution on Microblogs},
  author={Hongzhao Huang},
  year={2015}
}

@inproceedings{DBLP:conf/semeval/KorkontzelosM10,
  author    = {Ioannis Korkontzelos and
               Suresh Manandhar},
  title     = {UoY: Graphs of Unambiguous Vertices for Word Sense Induction and Disambiguation},
  booktitle = {SemEval@ACL},
  pages     = {355--358},
  publisher = {The Association for Computer Linguistics},
  year      = {2010}
}

@article{DBLP:journals/corr/Ferrer-i-Cancho14,
  author    = {Ramon Ferrer{-}i{-}Cancho},
  title     = {Beyond description. Comment on "Approaching human language with complex
               networks" by Cong {\&} Liu},
  journal   = {CoRR},
  volume    = {abs/1408.1774},
  year      = {2014}
}

@article{cong2014approaching,
  title={Approaching human language with complex networks},
  author={Cong, Jin and Liu, Haitao},
  journal={Physics of life reviews},
  volume={11},
  number={4},
  pages={598--618},
  year={2014},
  publisher={Elsevier}
}

@Inproceedings (Conference){the-structure-and-dynamics-of-linguistic-networks,
author = {Choudhury, Monojit and Mukherjee, Animesh},
title = {The Structure and Dynamics of Linguistic Networks},
booktitle = {Dynamics on and of Complex Networks: Applications to Biology, Computer Science and the Social Sciences},
year = {2009},
month = {January},
url = {https://www.microsoft.com/en-us/research/publication/the-structure-and-dynamics-of-linguistic-networks/},
pages = {145-166},
edition = {Dynamics on and of Complex Networks: Applications to Biology, Computer Science and the Social Sciences},
}

@article{sahlgren2008distributional,
  title={The distributional hypothesis},
  author={Sahlgren, Magnus},
  journal={Italian Journal of Disability Studies},
  volume={20},
  pages={33--53},
  year={2008}
}

@article{bruni2014multimodal,
  title={Multimodal distributional semantics},
  author={Bruni, Elia and Tran, Nam-Khanh and Baroni, Marco},
  journal={Journal of Artificial Intelligence Research},
  volume={49},
  pages={1--47},
  year={2014}
}

@book{hassan2010user,
  title={User-guided information extraction from print-oriented documents},
  author={Hassan, Tamir},
  year={2010},
  publisher={na}
}

@article{ah2015unsupervised,
  title={Unsupervised visual and textual information fusion in CBMIR using graph-based methods},
  author={Ah-Pine, Julien and Csurka, Gabriela and Clinchant, St{\'e}phane},
  journal={ACM Transactions on Information Systems (TOIS)},
  volume={33},
  number={2},
  pages={9},
  year={2015},
  publisher={ACM}
}

@inproceedings{jurgens2013semeval,
  title={Semeval-2013 task 13: Word sense induction for graded and non-graded senses},
  author={Jurgens, David and Klapaftis, Ioannis},
  booktitle={Second Joint Conference on Lexical and Computational Semantics (* SEM), Volume 2: Proceedings of the Seventh International Workshop on Semantic Evaluation (SemEval 2013)},
  volume={2},
  pages={290--299},
  year={2013}
}

@inproceedings{radinsky2011word,
  title={A word at a time: computing word relatedness using temporal semantic analysis},
  author={Radinsky, Kira and Agichtein, Eugene and Gabrilovich, Evgeniy and Markovitch, Shaul},
  booktitle={Proceedings of the 20th international conference on World wide web},
  pages={337--346},
  year={2011},
  organization={ACM}
}

@article{paulheim2013exploiting,
  title={Exploiting Linked Open Data as Background Knowledge in Data Mining.},
  author={Paulheim, Heiko},
  journal={DMoLD},
  volume={1082},
  year={2013},
  publisher={Citeseer}
}

@inproceedings{Biemann:2006:CWE:1654758.1654774,
 author = {Biemann, Chris},
 title = {Chinese Whispers: An Efficient Graph Clustering Algorithm and Its Application to Natural Language Processing Problems},
 booktitle = {Proceedings of the First Workshop on Graph Based Methods for Natural Language Processing},
 series = {TextGraphs-1},
 year = {2006},
 pages = {73--80},
 numpages = {8},
 url = {http://dl.acm.org/citation.cfm?id=1654758.1654774},
 acmid = {1654774},
 publisher = {Association for Computational Linguistics},
 address = {Stroudsburg, PA, USA},
} 



@inproceedings{jiang2016evaluating,
  title={Evaluating and combining name entity recognition systems},
  author={Jiang, Ridong and Banchs, Rafael E and Li, Haizhou},
  booktitle={Proceedings of the Sixth Named Entity Workshop},
  pages={21--27},
  year={2016}
}

@article{nguyen2016j,
  title={J-NERD: joint named entity recognition and disambiguation with rich linguistic features},
  author={Nguyen, Dat Ba and Theobald, Martin and Weikum, Gerhard},
  journal={Transactions of the Association for Computational Linguistics},
  volume={4},
  pages={215--229},
  year={2016}
}

@inproceedings{balasuriya2009named,
  title={Named entity recognition in wikipedia},
  author={Balasuriya, Dominic and Ringland, Nicky and Nothman, Joel and Murphy, Tara and Curran, James R},
  booktitle={Proceedings of the 2009 Workshop on The People's Web Meets NLP: Collaboratively Constructed Semantic Resources},
  pages={10--18},
  year={2009},
  organization={Association for Computational Linguistics}
}

# Graphs

@article{guillaume2006bipartite,
  title={Bipartite graphs as models of complex networks},
  author={Guillaume, Jean-Loup and Latapy, Matthieu},
  journal={Physica A: Statistical Mechanics and its Applications},
  volume={371},
  number={2},
  pages={795--813},
  year={2006},
  publisher={Elsevier}
}

@article{latapy2008basic,
  title={Basic notions for the analysis of large two-mode networks},
  author={Latapy, Matthieu and Magnien, Cl{\'e}mence and Del Vecchio, Nathalie},
  journal={Social networks},
  volume={30},
  number={1},
  pages={31--48},
  year={2008},
  publisher={Elsevier}
}

@inproceedings{kyrola2012graphchi,
  title={Graphchi: Large-scale graph computation on just a pc},
  author={Kyrola, Aapo and Blelloch, Guy E and Guestrin, Carlos},
  year={2012},
  organization={USENIX}
}

@inproceedings{jean2011text,
  title={Text segmentation and graph-based method for template filling in information extraction},
  author={Jean-Louis, Ludovic and Besan{\c{c}}on, Romaric and Ferret, Olivier},
  booktitle={Proceedings of 5th International Joint Conference on Natural Language Processing},
  pages={723--731},
  year={2011}
}

@article{biemann2013jobimtext,
  title={JoBimText visualizer: a graph-based approach to contextualizing distributional similarity},
  author={Biemann, Chris and Coppola, Bonaventura and Glass, Michael R and Gliozzo, Alfio and Hatem, Matthew and Riedl, Martin},
  journal={Proceedings of TextGraphs-8 Graph-based Methods for Natural Language Processing},
  pages={6--10},
  year={2013}
}

@article{heintz2014beyond,
  title={Beyond graphs: toward scalable hypergraph analysis systems},
  author={Heintz, Benjamin and Chandra, Abhishek},
  journal={ACM SIGMETRICS Performance Evaluation Review},
  volume={41},
  number={4},
  pages={94--97},
  year={2014},
  publisher={ACM}
}

@article{saluja2013graph,
  title={Graph-based unsupervised learning of word similarities using heterogeneous feature types},
  author={Saluja, Avneesh and Navratil, Jiri},
  journal={Proceedings of TextGraphs-8 Graph-based Methods for Natural Language Processing},
  pages={29--38},
  year={2013}
}

@inproceedings{lang2013graph,
  title={Graph-Based seed set expansion for relation extraction using random walk hitting times},
  author={Lang, Joel and Henderson, James},
  booktitle={Proceedings of the 2013 Conference of the North American Chapter of the Association for Computational Linguistics: Human Language Technologies},
  pages={772--776},
  year={2013}
}

@inproceedings{cai2010end,
  title={End-to-end coreference resolution via hypergraph partitioning},
  author={Cai, Jie and Strube, Michael},
  booktitle={Proceedings of the 23rd International Conference on Computational Linguistics},
  pages={143--151},
  year={2010},
  organization={Association for Computational Linguistics}
}

@inproceedings{yeh2009wikiwalk,
  title={WikiWalk: random walks on Wikipedia for semantic relatedness},
  author={Yeh, Eric and Ramage, Daniel and Manning, Christopher D and Agirre, Eneko and Soroa, Aitor},
  booktitle={Proceedings of the 2009 workshop on graph-based methods for natural language processing},
  pages={41--49},
  year={2009},
  organization={Association for Computational Linguistics}
}
